@article{hacker2010wittgenstein,
  title={Wittgenstein’s anthropological and ethnological approach},
  author={Hacker, PMS},
  journal={Philosophical anthropology: Wittgenstein’s perspective},
  pages={15--31},
  year={2010}
}

@book{wittgenstein2010philosophical,
  title={Philosophical investigations},
  author={Wittgenstein, Ludwig},
  year={2010},
  publisher={John Wiley \& Sons}
}

@article{glock1996safari,
  title={On Safari with Wittgenstein, Quine and Davidson},
  author={Glock, Hans Johann},
  year={1996}
}

@article{dromm2003imaginary,
  title={Imaginary naturalism: The natural and primitive in Wittgenstein’s later thought},
  author={Dromm, Keith},
  journal={British journal for the History of Philosophy},
  volume={11},
  number={4},
  pages={673--690},
  year={2003},
  publisher={Taylor \& Francis}
}
@book{brusotti2014wittgenstein,
  title={Wittgenstein, Frazer und die „ethnologische Betrachtungsweise “},
  author={Brusotti, Marco},
  volume={2},
  year={2014},
  publisher={Walter de Gruyter GmbH \& Co KG}
}

@article{luckhardt1979wittgenstein,
  title={Wittgenstein, sources and perspectives},
  author={Luckhardt, C Grant},
  year={1979}
}

@article{wittgenstein1965lecture,
  title={A Lecture on Ethics},
  author={Wittgenstein, Ludwig},
  journal={Philosophical Review},
  volume={74},
  pages={3--12},
  year={1965},
}